@article{goffin2002convex,
  title={Convex nondifferentiable optimization: A survey focused on the analytic center cutting plane method},
  author={Goffin, Jean-Louis and Vial, Jean-Philippe},
  journal={Optimization Methods and Software},
  volume={17},
  number={5},
  pages={805--867},
  year={2002},
  publisher={Taylor \& Francis}
}

@article{wulff2013analytic,
  title={Analytic center cutting plane method for multiple kernel learning},
  author={Wulff, Sharon and Ong, Cheng Soon},
  journal={Annals of Mathematics and Artificial Intelligence},
  volume={69},
  number={3},
  pages={225--241},
  year={2013},
  publisher={Springer}
}

@inproceedings{louche2015cutting,
  title={From cutting planes algorithms to compression schemes and active learning},
  author={Louche, Ugo and Ralaivola, Liva},
  booktitle={2015 International Joint Conference on Neural Networks (IJCNN)},
  pages={1--8},
  year={2015},
  organization={IEEE}
}

@article{boydlocalization,
  title={Localization and cutting-plane methods},
  author={Boyd, Stephen and Vandenberghe, Lieven},
  note="\url{http://web.stanford.edu/class/ee392o/localization-methods.pdf}, retrieved September 2016"
}

@article{tsochantaridis2005large,
  title={Large margin methods for structured and interdependent output variables},
  author={Tsochantaridis, Ioannis and Joachims, Thorsten and Hofmann, Thomas and Altun, Yasemin},
  journal={Journal of Machine Learning Research},
  volume={6},
  number={Sep},
  pages={1453--1484},
  year={2005}
}

@article{joachims2009predicting,
  title={Predicting structured objects with support vector machines},
  author={Joachims, Thorsten and Hofmann, Thomas and Yue, Yisong and Yu, Chun-Nam},
  journal={Communications of the ACM},
  volume={52},
  number={11},
  pages={97--104},
  year={2009},
  publisher={ACM}
}

@article{joachims2009cutting,
  title={Cutting-plane training of structural {SVM}s},
  author={Joachims, Thorsten and Finley, Thomas and Yu, Chun-Nam John},
  journal={Machine Learning},
  volume={77},
  number={1},
  pages={27--59},
  year={2009},
  publisher={Springer}
}
